<record><leader>00000cas a22000007a 4500</leader><controlfield tag="001">17655705</controlfield><controlfield tag="008">880321d18901961ohuwr ne      0    0eng d</controlfield><datafield ind1=" " ind2=" " tag="010"><subfield code="a">sn 88078348 </subfield></datafield><datafield ind1=" " ind2=" " tag="040"><subfield code="a">ONP</subfield><subfield code="b">eng</subfield><subfield code="c">ONP</subfield><subfield code="d">OCLCQ</subfield></datafield><datafield ind1=" " ind2=" " tag="042"><subfield code="a">msc</subfield></datafield><datafield ind1="0" ind2=" " tag="130"><subfield code="a">Columbiana ledger (Columbiana, Ohio : 1890)</subfield></datafield><datafield ind1="1" ind2="4" tag="245"><subfield code="a">The Columbiana ledger.</subfield></datafield><datafield ind1=" " ind2=" " tag="260"><subfield code="a">Columbiana, O. [Ohio] :</subfield><subfield code="b">Ledger Print. Co.,</subfield><subfield code="c">1890-1961.</subfield></datafield><datafield ind1=" " ind2=" " tag="300"><subfield code="a">v.</subfield></datafield><datafield ind1=" " ind2=" " tag="310"><subfield code="a">Weekly</subfield></datafield><datafield ind1="0" ind2=" " tag="362"><subfield code="a">Vol. 1, no. 1 (Dec. 10, 1890)-71st year, no. 36 (Sept. 7, 1961).</subfield></datafield><datafield ind1=" " ind2=" " tag="752"><subfield code="a">United States</subfield><subfield code="b">Ohio</subfield><subfield code="c">Columbiana</subfield><subfield code="d">Columbiana.</subfield></datafield><datafield ind1="0" ind2="0" tag="785"><subfield code="t">Ledger (Columbiana, Ohio)</subfield><subfield code="w">(DLC)sn 88078349</subfield></datafield></record>